<?xml version="1.0" encoding="UTF-8"?><collection xmlns="http://www.loc.gov/MARC21/slim"><record><leader>00407nam--2200133-i-4500</leader><controlfield tag="001">000046539</controlfield><controlfield tag="002">20161230</controlfield><controlfield tag="005">20161230201046</controlfield><controlfield tag="008">060222s1000------------r-----000-0-eng-d</controlfield><datafield ind1=" " ind2=" " tag="080"><subfield code="a">546.821:548.7(043)</subfield></datafield><datafield ind1=" " ind2=" " tag="100"><subfield code="a">Verbaere, Alain</subfield></datafield><datafield ind1=" " ind2=" " tag="245"><subfield code="a">Contribution a l`etude des systemes ti- o-sn et ti -o-ti. problemes d`ordre dans des physes ... these</subfield></datafield><datafield ind1=" " ind2=" " tag="260"><subfield code="a">Nantes, Univ.De Nantes, 1974, 127p</subfield></datafield><datafield ind1=" " ind2=" " tag="852"><subfield code="a">46822</subfield></datafield></record></collection>